@article{bailo2018efficient,
  title={Efficient adaptive non-maximal suppression algorithms for homogeneous spatial keypoint distribution},
  author={Bailo, Oleksandr and Rameau, Francois and Joo, Kyungdon and Park, Jinsun and Bogdan, Oleksandr and Kweon, In So},
  journal={Pattern Recognition Letters},
  volume={106},
  pages={53--60},
  year={2018},
  publisher={Elsevier}
}