@article\{Gidaris2018,
  title={Unsupervised Representation Learning by Predicting Image Rotations},
  author={Spyros Gidaris and Praveer Singh and Nikos Komodakis},
  journal={ArXiv},
  year={2018},
  volume={abs/1803.07728},
  url={https://api.semanticscholar.org/CorpusID:4009713}
}
